%YAML 1.1
%TAG !u! tag:unity3d.com,2011:
--- !u!29 &1
OcclusionCullingSettings:
  m_ObjectHideFlags: 0
  serializedVersion: 2
  m_OcclusionBakeSettings:
    smallestOccluder: 5
    smallestHole: 0.25
    backfaceThreshold: 100
  m_SceneGUID: 00000000000000000000000000000000
  m_OcclusionCullingData: {fileID: 0}
--- !u!104 &2
RenderSettings:
  m_ObjectHideFlags: 0
  serializedVersion: 9
  m_Fog: 0
  m_FogColor: {r: 0.5, g: 0.5, b: 0.5, a: 1}
  m_FogMode: 3
  m_FogDensity: 0.01
  m_LinearFogStart: 0
  m_LinearFogEnd: 300
  m_AmbientSkyColor: {r: 0.212, g: 0.227, b: 0.259, a: 1}
  m_AmbientEquatorColor: {r: 0.114, g: 0.125, b: 0.133, a: 1}
  m_AmbientGroundColor: {r: 0.047, g: 0.043, b: 0.035, a: 1}
  m_AmbientIntensity: 1
  m_AmbientMode: 3
  m_SubtractiveShadowColor: {r: 0.42, g: 0.478, b: 0.627, a: 1}
  m_SkyboxMaterial: {fileID: 0}
  m_HaloStrength: 0.5
  m_FlareStrength: 1
  m_FlareFadeSpeed: 3
  m_HaloTexture: {fileID: 0}
  m_SpotCookie: {fileID: 10001, guid: 0000000000000000e000000000000000, type: 0}
  m_DefaultReflectionMode: 0
  m_DefaultReflectionResolution: 128
  m_ReflectionBounces: 1
  m_ReflectionIntensity: 1
  m_CustomReflection: {fileID: 0}
  m_Sun: {fileID: 0}
  m_IndirectSpecularColor: {r: 0, g: 0, b: 0, a: 1}
  m_UseRadianceAmbientProbe: 0
--- !u!157 &3
LightmapSettings:
  m_ObjectHideFlags: 0
  serializedVersion: 11
  m_GIWorkflowMode: 1
  m_GISettings:
    serializedVersion: 2
    m_BounceScale: 1
    m_IndirectOutputScale: 1
    m_AlbedoBoost: 1
    m_TemporalCoherenceThreshold: 1
    m_EnvironmentLightingMode: 0
    m_EnableBakedLightmaps: 0
    m_EnableRealtimeLightmaps: 0
  m_LightmapEditorSettings:
    serializedVersion: 10
    m_Resolution: 2
    m_BakeResolution: 40
    m_AtlasSize: 1024
    m_AO: 0
    m_AOMaxDistance: 1
    m_CompAOExponent: 1
    m_CompAOExponentDirect: 0
    m_Padding: 2
    m_LightmapParameters: {fileID: 0}
    m_LightmapsBakeMode: 1
    m_TextureCompression: 1
    m_FinalGather: 0
    m_FinalGatherFiltering: 1
    m_FinalGatherRayCount: 256
    m_ReflectionCompression: 2
    m_MixedBakeMode: 2
    m_BakeBackend: 0
    m_PVRSampling: 1
    m_PVRDirectSampleCount: 32
    m_PVRSampleCount: 500
    m_PVRBounces: 2
    m_PVRFilterTypeDirect: 0
    m_PVRFilterTypeIndirect: 0
    m_PVRFilterTypeAO: 0
    m_PVRFilteringMode: 1
    m_PVRCulling: 1
    m_PVRFilteringGaussRadiusDirect: 1
    m_PVRFilteringGaussRadiusIndirect: 5
    m_PVRFilteringGaussRadiusAO: 2
    m_PVRFilteringAtrousPositionSigmaDirect: 0.5
    m_PVRFilteringAtrousPositionSigmaIndirect: 2
    m_PVRFilteringAtrousPositionSigmaAO: 1
    m_ShowResolutionOverlay: 1
  m_LightingDataAsset: {fileID: 0}
  m_UseShadowmask: 1
--- !u!196 &4
NavMeshSettings:
  serializedVersion: 2
  m_ObjectHideFlags: 0
  m_BuildSettings:
    serializedVersion: 2
    agentTypeID: 0
    agentRadius: 0.5
    agentHeight: 2
    agentSlope: 45
    agentClimb: 0.4
    ledgeDropHeight: 0
    maxJumpAcrossDistance: 0
    minRegionArea: 2
    manualCellSize: 0
    cellSize: 0.16666667
    manualTileSize: 0
    tileSize: 256
    accuratePlacement: 0
    debug:
      m_Flags: 0
  m_NavMeshData: {fileID: 0}
--- !u!1001 &13281742
Prefab:
  m_ObjectHideFlags: 0
  serializedVersion: 2
  m_Modification:
    m_TransformParent: {fileID: 0}
    m_Modifications:
    - target: {fileID: 4297018271145132, guid: 7901d00adc2e7fe4f856ecd7b652fd7b, type: 2}
      propertyPath: m_LocalPosition.x
      value: -6.08
      objectReference: {fileID: 0}
    - target: {fileID: 4297018271145132, guid: 7901d00adc2e7fe4f856ecd7b652fd7b, type: 2}
      propertyPath: m_LocalPosition.y
      value: -2.81
      objectReference: {fileID: 0}
    - target: {fileID: 4297018271145132, guid: 7901d00adc2e7fe4f856ecd7b652fd7b, type: 2}
      propertyPath: m_LocalPosition.z
      value: 0
      objectReference: {fileID: 0}
    - target: {fileID: 4297018271145132, guid: 7901d00adc2e7fe4f856ecd7b652fd7b, type: 2}
      propertyPath: m_LocalRotation.x
      value: 0
      objectReference: {fileID: 0}
    - target: {fileID: 4297018271145132, guid: 7901d00adc2e7fe4f856ecd7b652fd7b, type: 2}
      propertyPath: m_LocalRotation.y
      value: 0
      objectReference: {fileID: 0}
    - target: {fileID: 4297018271145132, guid: 7901d00adc2e7fe4f856ecd7b652fd7b, type: 2}
      propertyPath: m_LocalRotation.z
      value: 0
      objectReference: {fileID: 0}
    - target: {fileID: 4297018271145132, guid: 7901d00adc2e7fe4f856ecd7b652fd7b, type: 2}
      propertyPath: m_LocalRotation.w
      value: 1
      objectReference: {fileID: 0}
    - target: {fileID: 4297018271145132, guid: 7901d00adc2e7fe4f856ecd7b652fd7b, type: 2}
      propertyPath: m_RootOrder
      value: 8
      objectReference: {fileID: 0}
    m_RemovedComponents: []
  m_SourcePrefab: {fileID: 100100000, guid: 7901d00adc2e7fe4f856ecd7b652fd7b, type: 2}
  m_IsPrefabAsset: 0
--- !u!1001 &17404619
Prefab:
  m_ObjectHideFlags: 0
  serializedVersion: 2
  m_Modification:
    m_TransformParent: {fileID: 0}
    m_Modifications:
    - target: {fileID: 224306813463827948, guid: 8afbba395c3a2044f991cdaeb14e71eb,
        type: 2}
      propertyPath: m_LocalPosition.x
      value: 0
      objectReference: {fileID: 0}
    - target: {fileID: 224306813463827948, guid: 8afbba395c3a2044f991cdaeb14e71eb,
        type: 2}
      propertyPath: m_LocalPosition.y
      value: 0
      objectReference: {fileID: 0}
    - target: {fileID: 224306813463827948, guid: 8afbba395c3a2044f991cdaeb14e71eb,
        type: 2}
      propertyPath: m_LocalPosition.z
      value: -10
      objectReference: {fileID: 0}
    - target: {fileID: 224306813463827948, guid: 8afbba395c3a2044f991cdaeb14e71eb,
        type: 2}
      propertyPath: m_LocalRotation.x
      value: -0
      objectReference: {fileID: 0}
    - target: {fileID: 224306813463827948, guid: 8afbba395c3a2044f991cdaeb14e71eb,
        type: 2}
      propertyPath: m_LocalRotation.y
      value: -0
      objectReference: {fileID: 0}
    - target: {fileID: 224306813463827948, guid: 8afbba395c3a2044f991cdaeb14e71eb,
        type: 2}
      propertyPath: m_LocalRotation.z
      value: -0
      objectReference: {fileID: 0}
    - target: {fileID: 224306813463827948, guid: 8afbba395c3a2044f991cdaeb14e71eb,
        type: 2}
      propertyPath: m_LocalRotation.w
      value: 1
      objectReference: {fileID: 0}
    - target: {fileID: 224306813463827948, guid: 8afbba395c3a2044f991cdaeb14e71eb,
        type: 2}
      propertyPath: m_RootOrder
      value: 0
      objectReference: {fileID: 0}
    - target: {fileID: 224306813463827948, guid: 8afbba395c3a2044f991cdaeb14e71eb,
        type: 2}
      propertyPath: m_AnchoredPosition.x
      value: 0.41
      objectReference: {fileID: 0}
    - target: {fileID: 224306813463827948, guid: 8afbba395c3a2044f991cdaeb14e71eb,
        type: 2}
      propertyPath: m_AnchoredPosition.y
      value: 7.51
      objectReference: {fileID: 0}
    - target: {fileID: 224306813463827948, guid: 8afbba395c3a2044f991cdaeb14e71eb,
        type: 2}
      propertyPath: m_SizeDelta.x
      value: 100
      objectReference: {fileID: 0}
    - target: {fileID: 224306813463827948, guid: 8afbba395c3a2044f991cdaeb14e71eb,
        type: 2}
      propertyPath: m_SizeDelta.y
      value: 100
      objectReference: {fileID: 0}
    - target: {fileID: 224306813463827948, guid: 8afbba395c3a2044f991cdaeb14e71eb,
        type: 2}
      propertyPath: m_AnchorMin.x
      value: 0.5
      objectReference: {fileID: 0}
    - target: {fileID: 224306813463827948, guid: 8afbba395c3a2044f991cdaeb14e71eb,
        type: 2}
      propertyPath: m_AnchorMin.y
      value: 0.5
      objectReference: {fileID: 0}
    - target: {fileID: 224306813463827948, guid: 8afbba395c3a2044f991cdaeb14e71eb,
        type: 2}
      propertyPath: m_AnchorMax.x
      value: 0.5
      objectReference: {fileID: 0}
    - target: {fileID: 224306813463827948, guid: 8afbba395c3a2044f991cdaeb14e71eb,
        type: 2}
      propertyPath: m_AnchorMax.y
      value: 0.5
      objectReference: {fileID: 0}
    - target: {fileID: 224306813463827948, guid: 8afbba395c3a2044f991cdaeb14e71eb,
        type: 2}
      propertyPath: m_Pivot.x
      value: 0.5
      objectReference: {fileID: 0}
    - target: {fileID: 224306813463827948, guid: 8afbba395c3a2044f991cdaeb14e71eb,
        type: 2}
      propertyPath: m_Pivot.y
      value: 0.5
      objectReference: {fileID: 0}
    - target: {fileID: 114522140749465934, guid: 8afbba395c3a2044f991cdaeb14e71eb,
        type: 2}
      propertyPath: player
      value: 
      objectReference: {fileID: 334972379}
    m_RemovedComponents: []
  m_SourcePrefab: {fileID: 100100000, guid: 8afbba395c3a2044f991cdaeb14e71eb, type: 2}
  m_IsPrefabAsset: 0
--- !u!114 &48098532 stripped
MonoBehaviour:
  m_CorrespondingSourceObject: {fileID: 114360311287837536, guid: 90a7ddecf955bcf4092bd40b94b6c21c,
    type: 2}
  m_PrefabInternal: {fileID: 428664341}
  m_Script: {fileID: 708705254, guid: f70555f144d8491a825f0804e09c671c, type: 3}
--- !u!1 &334972379 stripped
GameObject:
  m_CorrespondingSourceObject: {fileID: 1263450366841786, guid: 91130874d10ee544ba70182c9b5faa28,
    type: 2}
  m_PrefabInternal: {fileID: 1347584970}
--- !u!1001 &428664341
Prefab:
  m_ObjectHideFlags: 0
  serializedVersion: 2
  m_Modification:
    m_TransformParent: {fileID: 0}
    m_Modifications:
    - target: {fileID: 224113567562558320, guid: 90a7ddecf955bcf4092bd40b94b6c21c,
        type: 2}
      propertyPath: m_LocalPosition.x
      value: 0
      objectReference: {fileID: 0}
    - target: {fileID: 224113567562558320, guid: 90a7ddecf955bcf4092bd40b94b6c21c,
        type: 2}
      propertyPath: m_LocalPosition.y
      value: 0
      objectReference: {fileID: 0}
    - target: {fileID: 224113567562558320, guid: 90a7ddecf955bcf4092bd40b94b6c21c,
        type: 2}
      propertyPath: m_LocalPosition.z
      value: 0
      objectReference: {fileID: 0}
    - target: {fileID: 224113567562558320, guid: 90a7ddecf955bcf4092bd40b94b6c21c,
        type: 2}
      propertyPath: m_LocalRotation.x
      value: 0
      objectReference: {fileID: 0}
    - target: {fileID: 224113567562558320, guid: 90a7ddecf955bcf4092bd40b94b6c21c,
        type: 2}
      propertyPath: m_LocalRotation.y
      value: 0
      objectReference: {fileID: 0}
    - target: {fileID: 224113567562558320, guid: 90a7ddecf955bcf4092bd40b94b6c21c,
        type: 2}
      propertyPath: m_LocalRotation.z
      value: 0
      objectReference: {fileID: 0}
    - target: {fileID: 224113567562558320, guid: 90a7ddecf955bcf4092bd40b94b6c21c,
        type: 2}
      propertyPath: m_LocalRotation.w
      value: 1
      objectReference: {fileID: 0}
    - target: {fileID: 224113567562558320, guid: 90a7ddecf955bcf4092bd40b94b6c21c,
        type: 2}
      propertyPath: m_RootOrder
      value: 11
      objectReference: {fileID: 0}
    - target: {fileID: 224113567562558320, guid: 90a7ddecf955bcf4092bd40b94b6c21c,
        type: 2}
      propertyPath: m_AnchoredPosition.x
      value: 0
      objectReference: {fileID: 0}
    - target: {fileID: 224113567562558320, guid: 90a7ddecf955bcf4092bd40b94b6c21c,
        type: 2}
      propertyPath: m_AnchoredPosition.y
      value: 0
      objectReference: {fileID: 0}
    - target: {fileID: 224113567562558320, guid: 90a7ddecf955bcf4092bd40b94b6c21c,
        type: 2}
      propertyPath: m_SizeDelta.x
      value: 0
      objectReference: {fileID: 0}
    - target: {fileID: 224113567562558320, guid: 90a7ddecf955bcf4092bd40b94b6c21c,
        type: 2}
      propertyPath: m_SizeDelta.y
      value: 0
      objectReference: {fileID: 0}
    - target: {fileID: 224113567562558320, guid: 90a7ddecf955bcf4092bd40b94b6c21c,
        type: 2}
      propertyPath: m_AnchorMin.x
      value: 0
      objectReference: {fileID: 0}
    - target: {fileID: 224113567562558320, guid: 90a7ddecf955bcf4092bd40b94b6c21c,
        type: 2}
      propertyPath: m_AnchorMin.y
      value: 0
      objectReference: {fileID: 0}
    - target: {fileID: 224113567562558320, guid: 90a7ddecf955bcf4092bd40b94b6c21c,
        type: 2}
      propertyPath: m_AnchorMax.x
      value: 0
      objectReference: {fileID: 0}
    - target: {fileID: 224113567562558320, guid: 90a7ddecf955bcf4092bd40b94b6c21c,
        type: 2}
      propertyPath: m_AnchorMax.y
      value: 0
      objectReference: {fileID: 0}
    - target: {fileID: 224113567562558320, guid: 90a7ddecf955bcf4092bd40b94b6c21c,
        type: 2}
      propertyPath: m_Pivot.x
      value: 0
      objectReference: {fileID: 0}
    - target: {fileID: 224113567562558320, guid: 90a7ddecf955bcf4092bd40b94b6c21c,
        type: 2}
      propertyPath: m_Pivot.y
      value: 0
      objectReference: {fileID: 0}
    - target: {fileID: 223608972991644470, guid: 90a7ddecf955bcf4092bd40b94b6c21c,
        type: 2}
      propertyPath: m_Camera
      value: 
      objectReference: {fileID: 519420031}
    - target: {fileID: 114360311287837536, guid: 90a7ddecf955bcf4092bd40b94b6c21c,
        type: 2}
      propertyPath: m_Enabled
      value: 0
      objectReference: {fileID: 0}
    - target: {fileID: 224079335347832666, guid: 90a7ddecf955bcf4092bd40b94b6c21c,
        type: 2}
      propertyPath: m_AnchoredPosition.x
      value: -23
      objectReference: {fileID: 0}
    - target: {fileID: 224079335347832666, guid: 90a7ddecf955bcf4092bd40b94b6c21c,
        type: 2}
      propertyPath: m_AnchoredPosition.y
      value: 208
      objectReference: {fileID: 0}
    m_RemovedComponents: []
  m_SourcePrefab: {fileID: 100100000, guid: 90a7ddecf955bcf4092bd40b94b6c21c, type: 2}
  m_IsPrefabAsset: 0
--- !u!1001 &449333785
Prefab:
  m_ObjectHideFlags: 0
  serializedVersion: 2
  m_Modification:
    m_TransformParent: {fileID: 0}
    m_Modifications:
    - target: {fileID: 4297018271145132, guid: 7901d00adc2e7fe4f856ecd7b652fd7b, type: 2}
      propertyPath: m_LocalPosition.x
      value: 7.49
      objectReference: {fileID: 0}
    - target: {fileID: 4297018271145132, guid: 7901d00adc2e7fe4f856ecd7b652fd7b, type: 2}
      propertyPath: m_LocalPosition.y
      value: -2.88
      objectReference: {fileID: 0}
    - target: {fileID: 4297018271145132, guid: 7901d00adc2e7fe4f856ecd7b652fd7b, type: 2}
      propertyPath: m_LocalPosition.z
      value: 0
      objectReference: {fileID: 0}
    - target: {fileID: 4297018271145132, guid: 7901d00adc2e7fe4f856ecd7b652fd7b, type: 2}
      propertyPath: m_LocalRotation.x
      value: 0
      objectReference: {fileID: 0}
    - target: {fileID: 4297018271145132, guid: 7901d00adc2e7fe4f856ecd7b652fd7b, type: 2}
      propertyPath: m_LocalRotation.y
      value: 0
      objectReference: {fileID: 0}
    - target: {fileID: 4297018271145132, guid: 7901d00adc2e7fe4f856ecd7b652fd7b, type: 2}
      propertyPath: m_LocalRotation.z
      value: 0
      objectReference: {fileID: 0}
    - target: {fileID: 4297018271145132, guid: 7901d00adc2e7fe4f856ecd7b652fd7b, type: 2}
      propertyPath: m_LocalRotation.w
      value: 1
      objectReference: {fileID: 0}
    - target: {fileID: 4297018271145132, guid: 7901d00adc2e7fe4f856ecd7b652fd7b, type: 2}
      propertyPath: m_RootOrder
      value: 7
      objectReference: {fileID: 0}
    - target: {fileID: 1224567424892002, guid: 7901d00adc2e7fe4f856ecd7b652fd7b, type: 2}
      propertyPath: m_Name
      value: tilingVineWall (1)
      objectReference: {fileID: 0}
    m_RemovedComponents: []
  m_SourcePrefab: {fileID: 100100000, guid: 7901d00adc2e7fe4f856ecd7b652fd7b, type: 2}
  m_IsPrefabAsset: 0
--- !u!1001 &455471698
Prefab:
  m_ObjectHideFlags: 0
  serializedVersion: 2
  m_Modification:
    m_TransformParent: {fileID: 0}
    m_Modifications:
    - target: {fileID: 4297018271145132, guid: 7901d00adc2e7fe4f856ecd7b652fd7b, type: 2}
      propertyPath: m_LocalPosition.x
      value: 1.62
      objectReference: {fileID: 0}
    - target: {fileID: 4297018271145132, guid: 7901d00adc2e7fe4f856ecd7b652fd7b, type: 2}
      propertyPath: m_LocalPosition.y
      value: 18.51
      objectReference: {fileID: 0}
    - target: {fileID: 4297018271145132, guid: 7901d00adc2e7fe4f856ecd7b652fd7b, type: 2}
      propertyPath: m_LocalPosition.z
      value: 0
      objectReference: {fileID: 0}
    - target: {fileID: 4297018271145132, guid: 7901d00adc2e7fe4f856ecd7b652fd7b, type: 2}
      propertyPath: m_LocalRotation.x
      value: 0
      objectReference: {fileID: 0}
    - target: {fileID: 4297018271145132, guid: 7901d00adc2e7fe4f856ecd7b652fd7b, type: 2}
      propertyPath: m_LocalRotation.y
      value: 0
      objectReference: {fileID: 0}
    - target: {fileID: 4297018271145132, guid: 7901d00adc2e7fe4f856ecd7b652fd7b, type: 2}
      propertyPath: m_LocalRotation.z
      value: 0
      objectReference: {fileID: 0}
    - target: {fileID: 4297018271145132, guid: 7901d00adc2e7fe4f856ecd7b652fd7b, type: 2}
      propertyPath: m_LocalRotation.w
      value: 1
      objectReference: {fileID: 0}
    - target: {fileID: 4297018271145132, guid: 7901d00adc2e7fe4f856ecd7b652fd7b, type: 2}
      propertyPath: m_RootOrder
      value: 2
      objectReference: {fileID: 0}
    - target: {fileID: 1224567424892002, guid: 7901d00adc2e7fe4f856ecd7b652fd7b, type: 2}
      propertyPath: m_Name
      value: tilingVineWall (6)
      objectReference: {fileID: 0}
    - target: {fileID: 212232485050573092, guid: 7901d00adc2e7fe4f856ecd7b652fd7b,
        type: 2}
      propertyPath: m_Size.y
      value: 0.3205981
      objectReference: {fileID: 0}
    - target: {fileID: 212232485050573092, guid: 7901d00adc2e7fe4f856ecd7b652fd7b,
        type: 2}
      propertyPath: m_Size.x
      value: 9.6046915
      objectReference: {fileID: 0}
    - target: {fileID: 61918196265467104, guid: 7901d00adc2e7fe4f856ecd7b652fd7b,
        type: 2}
      propertyPath: m_SpriteTilingProperty.newSize.x
      value: 9.6046915
      objectReference: {fileID: 0}
    - target: {fileID: 61918196265467104, guid: 7901d00adc2e7fe4f856ecd7b652fd7b,
        type: 2}
      propertyPath: m_SpriteTilingProperty.newSize.y
      value: 0.3205981
      objectReference: {fileID: 0}
    m_RemovedComponents: []
  m_SourcePrefab: {fileID: 100100000, guid: 7901d00adc2e7fe4f856ecd7b652fd7b, type: 2}
  m_IsPrefabAsset: 0
--- !u!20 &519420031 stripped
Camera:
  m_CorrespondingSourceObject: {fileID: 20779914901856894, guid: 8afbba395c3a2044f991cdaeb14e71eb,
    type: 2}
  m_PrefabInternal: {fileID: 17404619}
--- !u!1001 &778796773
Prefab:
  m_ObjectHideFlags: 0
  serializedVersion: 2
  m_Modification:
    m_TransformParent: {fileID: 0}
    m_Modifications:
    - target: {fileID: 4297018271145132, guid: 7901d00adc2e7fe4f856ecd7b652fd7b, type: 2}
      propertyPath: m_LocalPosition.x
      value: 19.585615
      objectReference: {fileID: 0}
    - target: {fileID: 4297018271145132, guid: 7901d00adc2e7fe4f856ecd7b652fd7b, type: 2}
      propertyPath: m_LocalPosition.y
      value: 9.542
      objectReference: {fileID: 0}
    - target: {fileID: 4297018271145132, guid: 7901d00adc2e7fe4f856ecd7b652fd7b, type: 2}
      propertyPath: m_LocalPosition.z
      value: 0
      objectReference: {fileID: 0}
    - target: {fileID: 4297018271145132, guid: 7901d00adc2e7fe4f856ecd7b652fd7b, type: 2}
      propertyPath: m_LocalRotation.x
      value: 0
      objectReference: {fileID: 0}
    - target: {fileID: 4297018271145132, guid: 7901d00adc2e7fe4f856ecd7b652fd7b, type: 2}
      propertyPath: m_LocalRotation.y
      value: 0
      objectReference: {fileID: 0}
    - target: {fileID: 4297018271145132, guid: 7901d00adc2e7fe4f856ecd7b652fd7b, type: 2}
      propertyPath: m_LocalRotation.z
      value: 0
      objectReference: {fileID: 0}
    - target: {fileID: 4297018271145132, guid: 7901d00adc2e7fe4f856ecd7b652fd7b, type: 2}
      propertyPath: m_LocalRotation.w
      value: 1
      objectReference: {fileID: 0}
    - target: {fileID: 4297018271145132, guid: 7901d00adc2e7fe4f856ecd7b652fd7b, type: 2}
      propertyPath: m_RootOrder
      value: 4
      objectReference: {fileID: 0}
    - target: {fileID: 1224567424892002, guid: 7901d00adc2e7fe4f856ecd7b652fd7b, type: 2}
      propertyPath: m_Name
      value: tilingVineWall (4)
      objectReference: {fileID: 0}
    - target: {fileID: 212232485050573092, guid: 7901d00adc2e7fe4f856ecd7b652fd7b,
        type: 2}
      propertyPath: m_Size.y
      value: 4.5686207
      objectReference: {fileID: 0}
    - target: {fileID: 61918196265467104, guid: 7901d00adc2e7fe4f856ecd7b652fd7b,
        type: 2}
      propertyPath: m_SpriteTilingProperty.newSize.y
      value: 4.5686207
      objectReference: {fileID: 0}
    m_RemovedComponents: []
  m_SourcePrefab: {fileID: 100100000, guid: 7901d00adc2e7fe4f856ecd7b652fd7b, type: 2}
  m_IsPrefabAsset: 0
--- !u!1001 &827407287
Prefab:
  m_ObjectHideFlags: 0
  serializedVersion: 2
  m_Modification:
    m_TransformParent: {fileID: 0}
    m_Modifications:
    - target: {fileID: 4297018271145132, guid: 7901d00adc2e7fe4f856ecd7b652fd7b, type: 2}
      propertyPath: m_LocalPosition.x
      value: 0.915
      objectReference: {fileID: 0}
    - target: {fileID: 4297018271145132, guid: 7901d00adc2e7fe4f856ecd7b652fd7b, type: 2}
      propertyPath: m_LocalPosition.y
      value: -6.93
      objectReference: {fileID: 0}
    - target: {fileID: 4297018271145132, guid: 7901d00adc2e7fe4f856ecd7b652fd7b, type: 2}
      propertyPath: m_LocalPosition.z
      value: 0
      objectReference: {fileID: 0}
    - target: {fileID: 4297018271145132, guid: 7901d00adc2e7fe4f856ecd7b652fd7b, type: 2}
      propertyPath: m_LocalRotation.x
      value: 0
      objectReference: {fileID: 0}
    - target: {fileID: 4297018271145132, guid: 7901d00adc2e7fe4f856ecd7b652fd7b, type: 2}
      propertyPath: m_LocalRotation.y
      value: 0
      objectReference: {fileID: 0}
    - target: {fileID: 4297018271145132, guid: 7901d00adc2e7fe4f856ecd7b652fd7b, type: 2}
      propertyPath: m_LocalRotation.z
      value: 0
      objectReference: {fileID: 0}
    - target: {fileID: 4297018271145132, guid: 7901d00adc2e7fe4f856ecd7b652fd7b, type: 2}
      propertyPath: m_LocalRotation.w
      value: 1
      objectReference: {fileID: 0}
    - target: {fileID: 4297018271145132, guid: 7901d00adc2e7fe4f856ecd7b652fd7b, type: 2}
      propertyPath: m_RootOrder
      value: 1
      objectReference: {fileID: 0}
    - target: {fileID: 1224567424892002, guid: 7901d00adc2e7fe4f856ecd7b652fd7b, type: 2}
      propertyPath: m_Name
      value: tilingVineWall (7)
      objectReference: {fileID: 0}
    - target: {fileID: 212232485050573092, guid: 7901d00adc2e7fe4f856ecd7b652fd7b,
        type: 2}
      propertyPath: m_Size.y
      value: 0.29788387
      objectReference: {fileID: 0}
    - target: {fileID: 212232485050573092, guid: 7901d00adc2e7fe4f856ecd7b652fd7b,
        type: 2}
      propertyPath: m_Size.x
      value: 3.6448603
      objectReference: {fileID: 0}
    - target: {fileID: 61918196265467104, guid: 7901d00adc2e7fe4f856ecd7b652fd7b,
        type: 2}
      propertyPath: m_SpriteTilingProperty.newSize.x
      value: 3.6448603
      objectReference: {fileID: 0}
    - target: {fileID: 61918196265467104, guid: 7901d00adc2e7fe4f856ecd7b652fd7b,
        type: 2}
      propertyPath: m_SpriteTilingProperty.newSize.y
      value: 0.29788387
      objectReference: {fileID: 0}
    m_RemovedComponents: []
  m_SourcePrefab: {fileID: 100100000, guid: 7901d00adc2e7fe4f856ecd7b652fd7b, type: 2}
  m_IsPrefabAsset: 0
--- !u!1001 &1075162826
Prefab:
  m_ObjectHideFlags: 0
  serializedVersion: 2
  m_Modification:
    m_TransformParent: {fileID: 0}
    m_Modifications:
    - target: {fileID: 4297018271145132, guid: 7901d00adc2e7fe4f856ecd7b652fd7b, type: 2}
      propertyPath: m_LocalPosition.x
      value: -18.010069
      objectReference: {fileID: 0}
    - target: {fileID: 4297018271145132, guid: 7901d00adc2e7fe4f856ecd7b652fd7b, type: 2}
      propertyPath: m_LocalPosition.y
      value: 10.08
      objectReference: {fileID: 0}
    - target: {fileID: 4297018271145132, guid: 7901d00adc2e7fe4f856ecd7b652fd7b, type: 2}
      propertyPath: m_LocalPosition.z
      value: 0
      objectReference: {fileID: 0}
    - target: {fileID: 4297018271145132, guid: 7901d00adc2e7fe4f856ecd7b652fd7b, type: 2}
      propertyPath: m_LocalRotation.x
      value: 0
      objectReference: {fileID: 0}
    - target: {fileID: 4297018271145132, guid: 7901d00adc2e7fe4f856ecd7b652fd7b, type: 2}
      propertyPath: m_LocalRotation.y
      value: 0
      objectReference: {fileID: 0}
    - target: {fileID: 4297018271145132, guid: 7901d00adc2e7fe4f856ecd7b652fd7b, type: 2}
      propertyPath: m_LocalRotation.z
      value: 0
      objectReference: {fileID: 0}
    - target: {fileID: 4297018271145132, guid: 7901d00adc2e7fe4f856ecd7b652fd7b, type: 2}
      propertyPath: m_LocalRotation.w
      value: 1
      objectReference: {fileID: 0}
    - target: {fileID: 4297018271145132, guid: 7901d00adc2e7fe4f856ecd7b652fd7b, type: 2}
      propertyPath: m_RootOrder
      value: 6
      objectReference: {fileID: 0}
    - target: {fileID: 1224567424892002, guid: 7901d00adc2e7fe4f856ecd7b652fd7b, type: 2}
      propertyPath: m_Name
      value: tilingVineWall (2)
      objectReference: {fileID: 0}
    - target: {fileID: 212232485050573092, guid: 7901d00adc2e7fe4f856ecd7b652fd7b,
        type: 2}
      propertyPath: m_Size.y
      value: 4.5980253
      objectReference: {fileID: 0}
    - target: {fileID: 61918196265467104, guid: 7901d00adc2e7fe4f856ecd7b652fd7b,
        type: 2}
      propertyPath: m_SpriteTilingProperty.newSize.y
      value: 4.5980253
      objectReference: {fileID: 0}
    m_RemovedComponents: []
  m_SourcePrefab: {fileID: 100100000, guid: 7901d00adc2e7fe4f856ecd7b652fd7b, type: 2}
  m_IsPrefabAsset: 0
--- !u!114 &1273768212 stripped
MonoBehaviour:
  m_CorrespondingSourceObject: {fileID: 114243494913586560, guid: 90a7ddecf955bcf4092bd40b94b6c21c,
    type: 2}
  m_PrefabInternal: {fileID: 428664341}
  m_Script: {fileID: 708705254, guid: f70555f144d8491a825f0804e09c671c, type: 3}
--- !u!1 &1273845839
GameObject:
  m_ObjectHideFlags: 0
  m_CorrespondingSourceObject: {fileID: 0}
  m_PrefabInternal: {fileID: 0}
  serializedVersion: 6
  m_Component:
  - component: {fileID: 1273845841}
  - component: {fileID: 1273845840}
  m_Layer: 0
  m_Name: pixel-art-background-forest-5
  m_TagString: Untagged
  m_Icon: {fileID: 0}
  m_NavMeshLayer: 0
  m_StaticEditorFlags: 0
  m_IsActive: 1
--- !u!212 &1273845840
SpriteRenderer:
  m_ObjectHideFlags: 0
  m_CorrespondingSourceObject: {fileID: 0}
  m_PrefabInternal: {fileID: 0}
  m_GameObject: {fileID: 1273845839}
  m_Enabled: 1
  m_CastShadows: 0
  m_ReceiveShadows: 0
  m_DynamicOccludee: 1
  m_MotionVectors: 1
  m_LightProbeUsage: 1
  m_ReflectionProbeUsage: 1
  m_RenderingLayerMask: 4294967295
  m_Materials:
  - {fileID: 10754, guid: 0000000000000000f000000000000000, type: 0}
  m_StaticBatchInfo:
    firstSubMesh: 0
    subMeshCount: 0
  m_StaticBatchRoot: {fileID: 0}
  m_ProbeAnchor: {fileID: 0}
  m_LightProbeVolumeOverride: {fileID: 0}
  m_ScaleInLightmap: 1
  m_PreserveUVs: 0
  m_IgnoreNormalsForChartDetection: 0
  m_ImportantGI: 0
  m_StitchLightmapSeams: 0
  m_SelectedEditorRenderState: 0
  m_MinimumChartSize: 4
  m_AutoUVMaxDistance: 0.5
  m_AutoUVMaxAngle: 89
  m_LightmapParameters: {fileID: 0}
  m_SortingLayerID: 0
  m_SortingLayer: 0
  m_SortingOrder: -1
  m_Sprite: {fileID: 21300000, guid: 5e2cfad2b67507745bcde7c2d64b52d4, type: 3}
  m_Color: {r: 1, g: 1, b: 1, a: 1}
  m_FlipX: 0
  m_FlipY: 0
  m_DrawMode: 0
  m_Size: {x: 19.2, y: 10.8}
  m_AdaptiveModeThreshold: 0.5
  m_SpriteTileMode: 0
  m_WasSpriteAssigned: 1
  m_MaskInteraction: 0
  m_SpriteSortPoint: 0
--- !u!4 &1273845841
Transform:
  m_ObjectHideFlags: 0
  m_CorrespondingSourceObject: {fileID: 0}
  m_PrefabInternal: {fileID: 0}
  m_GameObject: {fileID: 1273845839}
  m_LocalRotation: {x: 0, y: 0, z: 0, w: 1}
  m_LocalPosition: {x: 1.17, y: 5.48, z: -1}
  m_LocalScale: {x: 2.898689, y: 3.238732, z: 2.3779237}
  m_Children: []
  m_Father: {fileID: 0}
  m_RootOrder: 10
  m_LocalEulerAnglesHint: {x: 0, y: 0, z: 0}
--- !u!1001 &1347584970
Prefab:
  m_ObjectHideFlags: 0
  serializedVersion: 2
  m_Modification:
    m_TransformParent: {fileID: 0}
    m_Modifications:
    - target: {fileID: 4433006217067736, guid: 91130874d10ee544ba70182c9b5faa28, type: 2}
      propertyPath: m_LocalPosition.x
      value: 0.5
      objectReference: {fileID: 0}
    - target: {fileID: 4433006217067736, guid: 91130874d10ee544ba70182c9b5faa28, type: 2}
      propertyPath: m_LocalPosition.y
      value: 5.8
      objectReference: {fileID: 0}
    - target: {fileID: 4433006217067736, guid: 91130874d10ee544ba70182c9b5faa28, type: 2}
      propertyPath: m_LocalPosition.z
      value: 0
      objectReference: {fileID: 0}
    - target: {fileID: 4433006217067736, guid: 91130874d10ee544ba70182c9b5faa28, type: 2}
      propertyPath: m_LocalRotation.x
      value: 0
      objectReference: {fileID: 0}
    - target: {fileID: 4433006217067736, guid: 91130874d10ee544ba70182c9b5faa28, type: 2}
      propertyPath: m_LocalRotation.y
      value: 0
      objectReference: {fileID: 0}
    - target: {fileID: 4433006217067736, guid: 91130874d10ee544ba70182c9b5faa28, type: 2}
      propertyPath: m_LocalRotation.z
      value: 0
      objectReference: {fileID: 0}
    - target: {fileID: 4433006217067736, guid: 91130874d10ee544ba70182c9b5faa28, type: 2}
      propertyPath: m_LocalRotation.w
      value: 1
      objectReference: {fileID: 0}
    - target: {fileID: 4433006217067736, guid: 91130874d10ee544ba70182c9b5faa28, type: 2}
      propertyPath: m_RootOrder
      value: 9
      objectReference: {fileID: 0}
    - target: {fileID: 114241058660085148, guid: 91130874d10ee544ba70182c9b5faa28,
        type: 2}
      propertyPath: ScoreText
      value: 
      objectReference: {fileID: 48098532}
    - target: {fileID: 114241058660085148, guid: 91130874d10ee544ba70182c9b5faa28,
        type: 2}
      propertyPath: TimeText
      value: 
      objectReference: {fileID: 1273768212}
    - target: {fileID: 61234322674649062, guid: 91130874d10ee544ba70182c9b5faa28,
        type: 2}
      propertyPath: m_Offset.x
      value: 0.03
      objectReference: {fileID: 0}
    - target: {fileID: 61234322674649062, guid: 91130874d10ee544ba70182c9b5faa28,
        type: 2}
      propertyPath: m_Size.x
      value: 0.26
      objectReference: {fileID: 0}
    m_RemovedComponents: []
  m_SourcePrefab: {fileID: 100100000, guid: 91130874d10ee544ba70182c9b5faa28, type: 2}
  m_IsPrefabAsset: 0
--- !u!1 &1826121679
GameObject:
  m_ObjectHideFlags: 0
  m_CorrespondingSourceObject: {fileID: 0}
  m_PrefabInternal: {fileID: 0}
  serializedVersion: 6
  m_Component:
  - component: {fileID: 1826121682}
  - component: {fileID: 1826121681}
  - component: {fileID: 1826121680}
  m_Layer: 0
  m_Name: EventSystem
  m_TagString: Untagged
  m_Icon: {fileID: 0}
  m_NavMeshLayer: 0
  m_StaticEditorFlags: 0
  m_IsActive: 1
--- !u!114 &1826121680
MonoBehaviour:
  m_ObjectHideFlags: 0
  m_CorrespondingSourceObject: {fileID: 0}
  m_PrefabInternal: {fileID: 0}
  m_GameObject: {fileID: 1826121679}
  m_Enabled: 1
  m_EditorHideFlags: 0
  m_Script: {fileID: 1077351063, guid: f70555f144d8491a825f0804e09c671c, type: 3}
  m_Name: 
  m_EditorClassIdentifier: 
  m_HorizontalAxis: Horizontal
  m_VerticalAxis: Vertical
  m_SubmitButton: Submit
  m_CancelButton: Cancel
  m_InputActionsPerSecond: 10
  m_RepeatDelay: 0.5
  m_ForceModuleActive: 0
--- !u!114 &1826121681
MonoBehaviour:
  m_ObjectHideFlags: 0
  m_CorrespondingSourceObject: {fileID: 0}
  m_PrefabInternal: {fileID: 0}
  m_GameObject: {fileID: 1826121679}
  m_Enabled: 1
  m_EditorHideFlags: 0
  m_Script: {fileID: -619905303, guid: f70555f144d8491a825f0804e09c671c, type: 3}
  m_Name: 
  m_EditorClassIdentifier: 
  m_FirstSelected: {fileID: 0}
  m_sendNavigationEvents: 1
  m_DragThreshold: 10
--- !u!4 &1826121682
Transform:
  m_ObjectHideFlags: 0
  m_CorrespondingSourceObject: {fileID: 0}
  m_PrefabInternal: {fileID: 0}
  m_GameObject: {fileID: 1826121679}
  m_LocalRotation: {x: 0, y: 0, z: 0, w: 1}
  m_LocalPosition: {x: 0, y: 0, z: 0}
  m_LocalScale: {x: 1, y: 1, z: 1}
  m_Children: []
  m_Father: {fileID: 0}
  m_RootOrder: 12
  m_LocalEulerAnglesHint: {x: 0, y: 0, z: 0}
--- !u!1001 &1990943155
Prefab:
  m_ObjectHideFlags: 0
  serializedVersion: 2
  m_Modification:
    m_TransformParent: {fileID: 0}
    m_Modifications:
    - target: {fileID: 4297018271145132, guid: 7901d00adc2e7fe4f856ecd7b652fd7b, type: 2}
      propertyPath: m_LocalPosition.x
      value: 13.613
      objectReference: {fileID: 0}
    - target: {fileID: 4297018271145132, guid: 7901d00adc2e7fe4f856ecd7b652fd7b, type: 2}
      propertyPath: m_LocalPosition.y
      value: 0.514
      objectReference: {fileID: 0}
    - target: {fileID: 4297018271145132, guid: 7901d00adc2e7fe4f856ecd7b652fd7b, type: 2}
      propertyPath: m_LocalPosition.z
      value: 0
      objectReference: {fileID: 0}
    - target: {fileID: 4297018271145132, guid: 7901d00adc2e7fe4f856ecd7b652fd7b, type: 2}
      propertyPath: m_LocalRotation.x
      value: 0
      objectReference: {fileID: 0}
    - target: {fileID: 4297018271145132, guid: 7901d00adc2e7fe4f856ecd7b652fd7b, type: 2}
      propertyPath: m_LocalRotation.y
      value: 0
      objectReference: {fileID: 0}
    - target: {fileID: 4297018271145132, guid: 7901d00adc2e7fe4f856ecd7b652fd7b, type: 2}
      propertyPath: m_LocalRotation.z
      value: 0
      objectReference: {fileID: 0}
    - target: {fileID: 4297018271145132, guid: 7901d00adc2e7fe4f856ecd7b652fd7b, type: 2}
      propertyPath: m_LocalRotation.w
      value: 1
      objectReference: {fileID: 0}
    - target: {fileID: 4297018271145132, guid: 7901d00adc2e7fe4f856ecd7b652fd7b, type: 2}
      propertyPath: m_RootOrder
      value: 3
      objectReference: {fileID: 0}
    - target: {fileID: 1224567424892002, guid: 7901d00adc2e7fe4f856ecd7b652fd7b, type: 2}
      propertyPath: m_Name
      value: tilingVineWall (5)
      objectReference: {fileID: 0}
    - target: {fileID: 212232485050573092, guid: 7901d00adc2e7fe4f856ecd7b652fd7b,
        type: 2}
      propertyPath: m_Size.y
      value: 0.29493046
      objectReference: {fileID: 0}
    - target: {fileID: 212232485050573092, guid: 7901d00adc2e7fe4f856ecd7b652fd7b,
        type: 2}
      propertyPath: m_Size.x
      value: 3.3111784
      objectReference: {fileID: 0}
    - target: {fileID: 61918196265467104, guid: 7901d00adc2e7fe4f856ecd7b652fd7b,
        type: 2}
      propertyPath: m_SpriteTilingProperty.newSize.x
      value: 3.3111784
      objectReference: {fileID: 0}
    - target: {fileID: 61918196265467104, guid: 7901d00adc2e7fe4f856ecd7b652fd7b,
        type: 2}
      propertyPath: m_SpriteTilingProperty.newSize.y
      value: 0.29493046
      objectReference: {fileID: 0}
    m_RemovedComponents: []
  m_SourcePrefab: {fileID: 100100000, guid: 7901d00adc2e7fe4f856ecd7b652fd7b, type: 2}
  m_IsPrefabAsset: 0
--- !u!1001 &2075798661
Prefab:
  m_ObjectHideFlags: 0
  serializedVersion: 2
  m_Modification:
    m_TransformParent: {fileID: 0}
    m_Modifications:
    - target: {fileID: 4297018271145132, guid: 7901d00adc2e7fe4f856ecd7b652fd7b, type: 2}
      propertyPath: m_LocalPosition.x
      value: -12.594
      objectReference: {fileID: 0}
    - target: {fileID: 4297018271145132, guid: 7901d00adc2e7fe4f856ecd7b652fd7b, type: 2}
      propertyPath: m_LocalPosition.y
      value: 0.46
      objectReference: {fileID: 0}
    - target: {fileID: 4297018271145132, guid: 7901d00adc2e7fe4f856ecd7b652fd7b, type: 2}
      propertyPath: m_LocalPosition.z
      value: 0
      objectReference: {fileID: 0}
    - target: {fileID: 4297018271145132, guid: 7901d00adc2e7fe4f856ecd7b652fd7b, type: 2}
      propertyPath: m_LocalRotation.x
      value: 0
      objectReference: {fileID: 0}
    - target: {fileID: 4297018271145132, guid: 7901d00adc2e7fe4f856ecd7b652fd7b, type: 2}
      propertyPath: m_LocalRotation.y
      value: 0
      objectReference: {fileID: 0}
    - target: {fileID: 4297018271145132, guid: 7901d00adc2e7fe4f856ecd7b652fd7b, type: 2}
      propertyPath: m_LocalRotation.z
      value: 0
      objectReference: {fileID: 0}
    - target: {fileID: 4297018271145132, guid: 7901d00adc2e7fe4f856ecd7b652fd7b, type: 2}
      propertyPath: m_LocalRotation.w
      value: 1
      objectReference: {fileID: 0}
    - target: {fileID: 4297018271145132, guid: 7901d00adc2e7fe4f856ecd7b652fd7b, type: 2}
      propertyPath: m_RootOrder
      value: 5
      objectReference: {fileID: 0}
    - target: {fileID: 1224567424892002, guid: 7901d00adc2e7fe4f856ecd7b652fd7b, type: 2}
      propertyPath: m_Name
      value: tilingVineWall (3)
      objectReference: {fileID: 0}
    - target: {fileID: 212232485050573092, guid: 7901d00adc2e7fe4f856ecd7b652fd7b,
        type: 2}
      propertyPath: m_Size.y
      value: 0.32159412
      objectReference: {fileID: 0}
    - target: {fileID: 212232485050573092, guid: 7901d00adc2e7fe4f856ecd7b652fd7b,
        type: 2}
      propertyPath: m_Size.x
      value: 3.0045445
      objectReference: {fileID: 0}
    - target: {fileID: 61918196265467104, guid: 7901d00adc2e7fe4f856ecd7b652fd7b,
        type: 2}
      propertyPath: m_SpriteTilingProperty.newSize.x
      value: 3.0045445
      objectReference: {fileID: 0}
    - target: {fileID: 61918196265467104, guid: 7901d00adc2e7fe4f856ecd7b652fd7b,
        type: 2}
      propertyPath: m_SpriteTilingProperty.newSize.y
      value: 0.32159412
      objectReference: {fileID: 0}
    m_RemovedComponents: []
  m_SourcePrefab: {fileID: 100100000, guid: 7901d00adc2e7fe4f856ecd7b652fd7b, type: 2}
  m_IsPrefabAsset: 0
